%YAML 1.1
%TAG !u! tag:unity3d.com,2011:
--- !u!243 &-5384948568954594115
AudioMixerGroupController:
  m_ObjectHideFlags: 0
  m_CorrespondingSourceObject: {fileID: 0}
  m_PrefabInstance: {fileID: 0}
  m_PrefabAsset: {fileID: 0}
  m_Name: Gun
  m_AudioMixer: {fileID: 24100000}
  m_GroupID: b8213730d92045c4bbc1e7461d2a6c66
  m_Children:
  - {fileID: 3493008827832136997}
  m_Volume: 973327b7b9644fd4d952ebcc0f26cd7d
  m_Pitch: a52467ebcd875bc48b7026e146e5929b
  m_Send: 00000000000000000000000000000000
  m_Effects:
  - {fileID: 6035459690865196160}
  m_UserColorIndex: 0
  m_Mute: 0
  m_Solo: 0
  m_BypassEffects: 0
--- !u!244 &-272741685082391587
AudioMixerEffectController:
  m_ObjectHideFlags: 3
  m_CorrespondingSourceObject: {fileID: 0}
  m_PrefabInstance: {fileID: 0}
  m_PrefabAsset: {fileID: 0}
  m_Name: 
  m_EffectID: 030047cb537450b4aa4d11505b3194c4
  m_EffectName: Attenuation
  m_MixLevel: 4d4508bdd9b027440935ca369c60978c
  m_Parameters: []
  m_SendTarget: {fileID: 0}
  m_EnableWetMix: 0
  m_Bypass: 0
--- !u!244 &-161904166104623019
AudioMixerEffectController:
  m_ObjectHideFlags: 3
  m_CorrespondingSourceObject: {fileID: 0}
  m_PrefabInstance: {fileID: 0}
  m_PrefabAsset: {fileID: 0}
  m_Name: 
  m_EffectID: 249502c457253de4390e7f1a5972b40a
  m_EffectName: Attenuation
  m_MixLevel: e174f1a41ca9ef94ea41c1cd2a326294
  m_Parameters: []
  m_SendTarget: {fileID: 0}
  m_EnableWetMix: 0
  m_Bypass: 0
--- !u!241 &24100000
AudioMixerController:
  m_ObjectHideFlags: 0
  m_CorrespondingSourceObject: {fileID: 0}
  m_PrefabInstance: {fileID: 0}
  m_PrefabAsset: {fileID: 0}
  m_Name: AudioMixer
  m_OutputGroup: {fileID: 0}
  m_MasterGroup: {fileID: 24300002}
  m_Snapshots:
  - {fileID: 24500006}
  m_StartSnapshot: {fileID: 24500006}
  m_SuspendThreshold: -80
  m_EnableSuspend: 1
  m_UpdateMode: 0
  m_ExposedParameters: []
  m_AudioMixerGroupViews:
  - guids:
    - abad6ec5e02044a439982c6eed9ba202
    - b8213730d92045c4bbc1e7461d2a6c66
    - 7ca3872e963a32d418c0b9adb761a356
    - 60f44bfe20857ff4884189f4cc22f64b
    name: View
  m_CurrentViewIndex: 0
  m_TargetSnapshot: {fileID: 24500006}
--- !u!243 &24300002
AudioMixerGroupController:
  m_ObjectHideFlags: 0
  m_CorrespondingSourceObject: {fileID: 0}
  m_PrefabInstance: {fileID: 0}
  m_PrefabAsset: {fileID: 0}
  m_Name: Master
  m_AudioMixer: {fileID: 24100000}
  m_GroupID: abad6ec5e02044a439982c6eed9ba202
  m_Children:
  - {fileID: -5384948568954594115}
  - {fileID: 2688785629692491165}
  m_Volume: ac624bf46d9eaa24aafba109621a35e3
  m_Pitch: 15b2eeb75e3516e4388c4c3d22f95111
  m_Send: 00000000000000000000000000000000
  m_Effects:
  - {fileID: 24400004}
  m_UserColorIndex: 0
  m_Mute: 0
  m_Solo: 0
  m_BypassEffects: 0
--- !u!244 &24400004
AudioMixerEffectController:
  m_ObjectHideFlags: 3
  m_CorrespondingSourceObject: {fileID: 0}
  m_PrefabInstance: {fileID: 0}
  m_PrefabAsset: {fileID: 0}
  m_Name: 
  m_EffectID: 8b978fe7be0f2fd4086baf902ebec59a
  m_EffectName: Attenuation
  m_MixLevel: b47520b36fc17fc4085be7785f73ec2d
  m_Parameters: []
  m_SendTarget: {fileID: 0}
  m_EnableWetMix: 0
  m_Bypass: 0
--- !u!245 &24500006
AudioMixerSnapshotController:
  m_ObjectHideFlags: 0
  m_CorrespondingSourceObject: {fileID: 0}
  m_PrefabInstance: {fileID: 0}
  m_PrefabAsset: {fileID: 0}
  m_Name: Snapshot
  m_AudioMixer: {fileID: 24100000}
  m_SnapshotID: 03bacf1e2d53ac740b6695b16b8f00dd
  m_FloatValues:
    ac624bf46d9eaa24aafba109621a35e3: 20
    973327b7b9644fd4d952ebcc0f26cd7d: -33.611683
    2f48f5fb673fec5499ce927bf4c9a32b: -1.1315297
    fc3873fe0c05ea6478e4ddf4ba6926b0: -33.611675
    c0f30dbfbb52804428a3133017767648: -80
  m_TransitionOverrides: {}
--- !u!243 &2688785629692491165
AudioMixerGroupController:
  m_ObjectHideFlags: 0
  m_CorrespondingSourceObject: {fileID: 0}
  m_PrefabInstance: {fileID: 0}
  m_PrefabAsset: {fileID: 0}
  m_Name: BackgroundMusic
  m_AudioMixer: {fileID: 24100000}
  m_GroupID: 60f44bfe20857ff4884189f4cc22f64b
  m_Children: []
  m_Volume: fc3873fe0c05ea6478e4ddf4ba6926b0
  m_Pitch: 07262a8d68d0aa24ea94b09540f07122
  m_Send: 00000000000000000000000000000000
  m_Effects:
  - {fileID: -272741685082391587}
  m_UserColorIndex: 0
  m_Mute: 0
  m_Solo: 0
  m_BypassEffects: 0
--- !u!243 &3493008827832136997
AudioMixerGroupController:
  m_ObjectHideFlags: 0
  m_CorrespondingSourceObject: {fileID: 0}
  m_PrefabInstance: {fileID: 0}
  m_PrefabAsset: {fileID: 0}
  m_Name: Death
  m_AudioMixer: {fileID: 24100000}
  m_GroupID: 7ca3872e963a32d418c0b9adb761a356
  m_Children: []
  m_Volume: 2f48f5fb673fec5499ce927bf4c9a32b
  m_Pitch: ebc330546129f70448c890d5ef1a4213
  m_Send: 00000000000000000000000000000000
  m_Effects:
  - {fileID: -161904166104623019}
  m_UserColorIndex: 0
  m_Mute: 0
  m_Solo: 0
  m_BypassEffects: 0
--- !u!244 &6035459690865196160
AudioMixerEffectController:
  m_ObjectHideFlags: 3
  m_CorrespondingSourceObject: {fileID: 0}
  m_PrefabInstance: {fileID: 0}
  m_PrefabAsset: {fileID: 0}
  m_Name: 
  m_EffectID: aac781ebdd04e034ea2c07b7c2b1c321
  m_EffectName: Attenuation
  m_MixLevel: 9f53e1b5e607e2545b503eb92bf47e40
  m_Parameters: []
  m_SendTarget: {fileID: 0}
  m_EnableWetMix: 0
  m_Bypass: 0
